
@article{firstpe2008,
	title = {First Peoples Principles of Learning},
	year = {2008},
	date = {2008},
	url = {http://www.fnesc.ca/wp/wp-content/uploads/2015/09/PUB-LFP-POSTER-Principles-of-Learning-First-Peoples-poster-11x17.pdf}
}

@article{held2019,
	title = {Decolonizing Research Paradigms in the Context of Settler Colonialism: An Unsettling, Mutual, and Collaborative Effort},
	author = {Held, Mirjam B. E.},
	year = {2019},
	date = {2019},
	journal = {International Journal of Qualitative Methods},
	volume = {18},
	doi = {10.1177/1609406918821574},
	url = {https://doi.org/10.1177/1609406918821574}
}

@inbook{reason2001,
	title = {Introduction: Inquiry and Participation in Search of a World Worthy of Human Aspiration},
	author = {Reason, Peter and Bradbury, Hilary},
	year = {2001},
	date = {2001},
	publisher = {SAGE},
	note = {OCLC: ocm44015575},
	address = {London ; Thousand Oaks, Calif}
}

@inbook{smith2000,
	title = {Protecting and Respecting Indigenous Knowledge},
	author = {Smith, Graham Hingangaroa},
	editor = {Battiste, Marie Ann},
	year = {2000},
	date = {2000},
	publisher = {UBC Press},
	note = {OCLC: 43282269},
	address = {Vancouver}
}

@article{lambert2018,
	title = {Changing our (Dis)Course: A Distinctive Social Justice Aligned Definition of Open Education},
	author = {Lambert, Sarah Roslyn},
	year = {2018},
	month = {11},
	date = {2018-11-19},
	journal = {Journal of Learning for Development - JL4D},
	volume = {5},
	number = {3},
	url = {http://www.jl4d.org/index.php/ejl4d/article/view/290},
	langid = {en}
}

@article{truthan2015,
	title = {Truth and Reconciliation Commission of Canada: Calls to Action},
	year = {2015},
	date = {2015},
	url = {https://ehprnh2mwo3.exactdn.com/wp-content/uploads/2021/01/Calls_to_Action_English2.pdf}
}

@article{sleeter2016,
	title = {Critical Family History: Situating Family within Contexts of Power Relationships.},
	author = {Sleeter, Christine E.},
	year = {2016},
	date = {2016},
	journal = {Journal of Multidisciplinary Research (1947-2900)},
	pages = {11--24},
	volume = {8},
	number = {1},
	url = {http://ezproxy.library.uvic.ca/login?url=http://search.ebscohost.com/login.aspx?direct=true&db=aph&AN=117534736&site=ehost-live&scope=site}
}

@book{kemmis2014,
	title = {The action research planner: doing critical participatory action research},
	author = {Kemmis, Stephen and McTaggart, Robin and Nixon, Rhonda},
	year = {2014},
	date = {2014},
	publisher = {Springer},
	note = {OCLC: 862761763},
	address = {Singapore Heidelberg New York Dordrecht London},
	langid = {eng}
}

@article{tuck2009,
	title = {Re-visioning Action: Participatory Action Research and Indigenous Theories of Change},
	author = {Tuck, Eve},
	year = {2009},
	month = {03},
	date = {2009-03-01},
	journal = {The Urban Review},
	pages = {47--65},
	volume = {41},
	number = {1},
	doi = {10.1007/s11256-008-0094-x},
	url = {https://doi.org/10.1007/s11256-008-0094-x}
}

@book{fenge2015,
	title = {Keeping promises: the Royal Proclamation of 1763, aboriginal rights, and treaties in Canada},
	author = {Fenge, T. and Aldridge, Jim},
	year = {2015},
	date = {2015},
	publisher = {McGill-Queen's University Press},
	series = {McGill-Queen's Native and northern series},
	number = {78},
	note = {OCLC: ocn908628625},
	address = {Montreal ; Kingston ; London ; Chicago}
}

@book{rosdail1961,
	title = {The Sloopers: Their ancestry and posterity},
	author = {Rosdail, J. Hart},
	year = {1961},
	date = {1961},
	publisher = {Norwegian Slooper Society of America},
	address = {Illinois}
}

@article{jackson1830,
	title = {Indian Removal Act},
	author = {Jackson, Andrew},
	year = {1830},
	month = {05},
	date = {1830-05-28},
	url = {https://memory.loc.gov/cgi-bin/ampage?collId=llsl&fileName=004/llsl004.db&recNum=458}
}

@article{richtik1975,
	title = {The Policy Framework for Settling the Canadian West 1870-1880},
	author = {Richtik, James M.},
	year = {1975},
	date = {1975},
	journal = {Agricultural History},
	pages = {613--628},
	volume = {49},
	number = {4},
	url = {http://www.jstor.org.ezproxy.library.uvic.ca/stable/3741487},
	note = {Publisher: Agricultural History Society}
}

@article{leslie2002,
	title = {The Indian Act: An Historical Perspective},
	author = {Leslie, John F},
	year = {2002},
	date = {2002},
	volume = {25},
	number = {2},
	url = {http://www.revparl.ca/english/issue.asp?param=83&art=255}
}

@article{gates1934,
	title = {Official Encouragement to Immigration by the Province of Canada},
	author = {Gates, Paul W.},
	year = {1934},
	month = {03},
	date = {1934-03-01},
	journal = {Canadian Historical Review},
	pages = {24--38},
	volume = {15},
	number = {1},
	doi = {10.3138/chr-015-01-02},
	url = {https://utpjournals.press/doi/10.3138/chr-015-01-02},
	langid = {en}
}

@article{tessaro2018,
	title = {The Five R's for Indigenizing Online Learning: A Case Study of the First Nations Schools' Principals Course},
	author = {Tessaro, Danielle and Restoule, Jean-Paul and Gaviria, Patricia and Flessa, Joseph and Lindeman, Carlana and Scully-Stewart, Coleen},
	year = {2018},
	date = {2018},
	journal = {Canadian Journal of Native Education},
	pages = {125--143},
	volume = {40},
	number = {1},
	url = {https://www.researchgate.net/publication/328289320_The_Five_R%27s_for_Indigenizing_Online_Learning_A_Case_Study_of_the_First_Nations_Schools%27_Principals_Course}
}

@article{bloom1984,
	title = {The 2 sigma problem: The search for methods of group instruction as effective as one-to-one tutoring},
	author = {Bloom, Benjamin},
	year = {1984},
	date = {1984},
	journal = {Educational Researcher},
	pages = {4--16},
	volume = {13}
}

@article{tai2018,
	title = {Developing evaluative judgement: enabling students to make decisions about the quality of work},
	author = {Tai, Joanna and Ajjawi, Rola and Boud, David and Dawson, Phillip and Panadero, Ernesto},
	year = {2018},
	date = {2018},
	journal = {Higher Education},
	pages = {467--481},
	volume = {76},
	number = {3},
	doi = {10.1007/s10734-017-0220-3},
	url = {http://link.springer.com/10.1007/s10734-017-0220-3},
	langid = {en}
}

@article{carless2019,
	title = {Feedback loops and the longer-term: towards feedback spirals},
	author = {Carless, David},
	year = {2019},
	month = {07},
	date = {2019-07-04},
	journal = {Assessment & Evaluation in Higher Education},
	pages = {705--714},
	volume = {44},
	number = {5},
	doi = {10.1080/02602938.2018.1531108},
	url = {https://www.tandfonline.com/doi/full/10.1080/02602938.2018.1531108},
	langid = {en}
}

@article{hattie2007,
	title = {The power of feedback},
	author = {Hattie, John and Timperley, Helen},
	year = {2007},
	month = {03},
	date = {2007-03-01},
	journal = {Review of Educational Research},
	pages = {81--112},
	volume = {77},
	doi = {10.3102/003465430298487},
	url = {http://rer.sagepub.com/content/77/1/81.abstract},
	note = {1}
}

@article{boud2016,
	title = {Sustainable assessment revisited},
	author = {Boud, David and Soler, Rebeca},
	year = {2016},
	month = {04},
	date = {2016-04-02},
	journal = {Assessment & Evaluation in Higher Education},
	pages = {400--413},
	volume = {41},
	number = {3},
	doi = {10.1080/02602938.2015.1018133},
	url = {http://www.tandfonline.com/doi/full/10.1080/02602938.2015.1018133},
	langid = {en}
}
